@online{id1,
	title = {Python3 Tutorial},
	note = "\url{https://www.tutorialspoint.com/python3/index.htm}"
}

@article{id2,
	author =       "Microwave Sam",
	title =        "{How to Get Started with Github-Beginer}",
	note =          "\url{https://www.youtube.com/watch?v=73I5dRucCds&spfreload=5}"
}

@manual{id3,
	title = "Become a git guru",
	organization = "Bitbucket",
	note = "\url{https://www.atlassian.com/git/tutorials}"
}

@online{id4,
	title     = "Python 3.7 Documentation",
	note = "\url{https://docs.python.org/3/}"
}


@online{id5,
	title    = " Run Python In Linux(Ubuntu)",
	note = "\url{https://www.youtube.com/watch?v=3xp-ixFbDuE}",
	year = "Oct 2015"
}

@manual{pyth,
	author = "Paul Barry",
	title = "Head First Python",
	note = "\url{https://doc.lagout.org/programmation/python/Head%20First%20Python%2C%20First%20Edition%20%282010%29.pdf}"
}

